<?xml version="1.0" encoding="UTF-8"?><collection xmlns="http://www.loc.gov/MARC21/slim"><record><leader>00369nam--2200121-i-4500</leader><controlfield tag="001">000039345</controlfield><controlfield tag="002">20161230</controlfield><controlfield tag="005">20161230201042</controlfield><controlfield tag="008">060222s1000------------r-----000-0-eng-d</controlfield><datafield ind1=" " ind2=" " tag="080"><subfield code="a">621.039.743</subfield></datafield><datafield ind1=" " ind2=" " tag="245"><subfield code="a">Pratiques de gestion des dechets radioactifs en europe occidentale</subfield></datafield><datafield ind1=" " ind2=" " tag="260"><subfield code="a">Paris, Agence Europeene Pour L`Energie Nucleaire, O.C.D.E., 1972, 146p</subfield></datafield><datafield ind1=" " ind2=" " tag="852"><subfield code="a">37811</subfield></datafield></record></collection>